1


@Article{SiTa1988,
  title = {Intrinsic Localized Modes in Anharmonic Crystals},
  author = {Sievers, A. J. and Takeno, S. },
  journal = {Phys. Rev. Lett.},
  volume = {61},
  number = {8},
  pages = {970--973},
  numpages = {3},
  year = {1988},
  month = {Aug},
  doi = {10.1103/PhysRevLett.61.970},
  publisher = {American Physical Society}
}



2

@Article{Page1990,
  title = {Asymptotic solutions for localized vibrational modes in strongly anharmonic periodic systems},
  author = {Page, J. B.},
  journal = {Phys. Rev. B},
  volume = {41},
  number = {11},
  pages = {7835--7838},
  numpages = {3},
  year = {1990},
  month = {Apr},
  doi = {10.1103/PhysRevB.41.7835},
  publisher = {American Physical Society}
}


3

@Article{KeBiRa2001,
  title = {Twisted localized modes},
  author = {Kevrekidis, P. G. and Bishop, A. R. and Rasmussen, K. \O{}.},
  journal = {Phys. Rev. E},
  volume = {63},
  number = {3},
  pages = {036603},
  numpages = {6},
  year = {2001},
  month = {Feb},
  doi = {10.1103/PhysRevE.63.036603},
  publisher = {American Physical Society}
}


4


@Article{KeKo2002,
  title = {Bright compact breathers},
  author = {Kevrekidis, P. G. and Konotop, V. V.},
  journal = {Phys. Rev. E},
  volume = {65},
  number = {6},
  pages = {066614},
  numpages = {9},
  year = {2002},
  month = {Jun},
  doi = {10.1103/PhysRevE.65.066614},
  publisher = {American Physical Society}
}


5

\bibitem{Sato-etal-2003} M. Sato, B. E. Hubbard, L. Q. English,  A. J. Sievers, B. Ilic, D. A. Czaplewski and H. G. Craighead, %Study of intrinsic localized vibrational modes in micromechanical oscillator arrays
{\em Chaos}, {\bf 13} 702 (2003) 

@Article{Sato-etal-2003,
	title = {Study of intrinsic localized vibrational modes in micromechanical oscillator arrays},
	author = {M. Sato and B. E. Hubbard and L. Q. English and  A. J. Sievers and B. Ilic and D. A. Czaplewski and H. G. Craighead},
	journal = {Chaos},
	volume = {13},
	number = {2},
	pages = {702},
	numpages = {14},
	year = {2003},
	month = {May},
	doi = {10.1063/1.1540771},
	publisher = {American Institute of Physics}
}



6


@Article{Sato-PRL-2003,
  title = {Observation of Locked Intrinsic Localized Vibrational Modes in a Micromechanical Oscillator Array},
  author = {Sato, M.  and Hubbard, B. E. and Sievers, A. J. and Ilic, B.  and Czaplewski, D. A. and Craighead, H. G.},
  journal = {Phys. Rev. Lett.},
  volume = {90},
  number = {4},
  pages = {044102},
  numpages = {4},
  year = {2003},
  month = {Jan},
  doi = {10.1103/PhysRevLett.90.044102},
  publisher = {American Physical Society}
}


7

@article{SaSi2004,
	Annote = {10.1038/nature03038},
	Author = {Sato, M. and Sievers, A. J.},
	Date = {2004/11/25/print},
	Date-Added = {2011-06-29 09:04:59 -0600},
	Date-Modified = {2011-06-29 09:04:59 -0600},
	Day = {25},
	Journal = {Nature},
	Month = {11},
	Number = {7016},
	Pages = {486--488},
	Title = {Direct observation of the discrete character of intrinsic localized modes in an antiferromagnet},
	Ty = {JOUR},
	Volume = {432},
	Year = {2004},
}

8

@Article{Ke-etal-2004,
  title = {Rich example of geometrically induced nonlinearity: From rotobreathers and kinks to moving localized modes and resonant energy transfer},
  author = {Kevrekidis, P. G. and Dmitriev, S. V. and Takeno, S.  and Bishop, A. R. and Aifantis, E. C.},
  journal = {Phys. Rev. E},
  volume = {70},
  number = {6},
  pages = {066627},
  numpages = {6},
  year = {2004},
  month = {Dec},
  doi = {10.1103/PhysRevE.70.066627},
  publisher = {American Physical Society}
}


9



@Article{SaHuSi2006,
  title = {Colloquium: Nonlinear energy localization and its manipulation in micromechanical oscillator arrays},
  author = {Sato, M.  and Hubbard, B. E. and Sievers, A. J.},
  journal = {Rev. Mod. Phys.},
  volume = {78},
  number = {1},
  pages = {137--157},
  numpages = {20},
  year = {2006},
  month = {Jan},
  doi = {10.1103/RevModPhys.78.137},
  publisher = {American Physical Society}
}


10



@article{Hi-etal-2007,
	Author = {V Hizhnyakov and A Shelkan and M Klopov and A J Sievers and M Haas},
	Journal = {Journal of Physics: Conference Series},
	Number = {1},
	Sp = {012142},
	Title = {Intrinsic localized modes and trapped phonons in crystal lattices},
	Volume = {92},
	Year = {2007},
	}

11
\bibitem{SaSi2008} M. Sato and A. J. Sievers, {\em Low Temp Phys.} {\bf 34}, 543-548 (2008).
@Article{SaSi2008,
	title = {Visualizing intrinsic localized modes with a nonlinear micromechanical array},
	author = {M. Sato and A. J. Sievers},
	journal = {Low Temperature Physics},
	volume = {34},
	number = {7},
	pages = {543-548},
	numpages = {6},
	year = {2008},
	doi = {10.1063/1.2957286},
	publisher = {American Institute of Physics}
}


12

bibitem{KiHi2009} M. Kimura and T. Hikihara, %{\em Capture and Release of Traveling Intrinsic Localized Mode in Coupled Cantilever Array}, 
{\em  Chaos} {\bf 19}, 013138 (2009). 

@Article{KiHi2009,
	title = {Capture and release of traveling intrinsic localized mode in coupled cantilever array},
	author = {M. Kimura and T. Hikihara},
	journal = {Chaos},
	volume = {19},
	number = {1},
	pages = {13138},
	numpages = {7},
	year = {2009},
	doi = {10.1063/1.3097068},
	publisher = {American Institute of Physics}
}

13
\bibitem{KiHi2009-2} M. Kimura and T. Hikihara, %{\em Coupled Cantilever Array with Tunable On-site Nonlinearity and Observation of Localized Oscillations},  
{\em Phys. Lett. A}, {\bf  373}, 1257 (2009). 


@article{KiHi2009-2,
title = {Coupled cantilever array with tunable on-site nonlinearity and observation of localized oscillations},
journal = "Physics Letters A",
volume = "373",
number = "14",
pages = "1257 - 1260",
year = "2009",
doi = "DOI: 10.1016/j.physleta.2009.02.005",
author = {Masayuki Kimura and Takashi Hikihara},
}



14
\bibitem{SaSi2009} M. Sato and  A. J. Sievers, {\em J. Biol. Phys.} {\bf 35} 57-72 (2009). 


@article {SaSi2009,
   author = {Sato, M. and Sievers, A.},
   title = {Experimental and numerical exploration of intrinsic localized modes in an atomic lattice},
   journal = {Journal of Biological Physics},
   publisher = {Springer Netherlands},
   issn = {0092-0606},
   pages = {57-72},
   volume = {35},
   issue = {1},
   year = {2009}
}




15

\bibitem{SaSi2008-2} M. Sato and  A. J. Sievers, {\em Fiz. Nizk. Temp} {\bf 34} 687-694 (2008). 


@Article{SaSi2008-2,
	title = {Visualizing intrinsic localized modes with a nonlinear micromechanical array},
	author = {M. Sato and  A. J. Sievers},
	journal = {Fizika Nizkikh Temperatur},
	volume= {34},
	number = {7},
	month = {June},
	year = {2008},
	pages = {687-694},
	publisher = {Institute for Low Temperature Physics and Engineering}
}





16

\bibitem{He-etal-2005} S. D.  Hersee, X. Y.  Sun, X.  Wang, M. N.   Fairchild, J.  Liang and J.  Xu, {
\em J. Appl. Phys.}, {\bf 97}, 124308 (2005). 

@Article{He-etal-2005,
	title = {Visualizing intrinsic localized modes with a nonlinear micromechanical array},
	author = {S. D.  Hersee and X. Y.  Sun and X.  Wang and M. N.   Fairchild and J.  Liang and J.  Xu},
	journal = {J. Appl. Phys.},
	volume= {97},
	number = {12},
	year = {2005},
	pages = {124308},
	publisher = {American Institute of Physics}
}



17


\bibitem{Ma-etal-2002} B. Malomed, P. G. Kevrekidis, D. J. Frantzeskakis, H. E. Nistazakis and A. N. Yannacopoulos, 
{\em Phys. Rev. E}, {\bf 65} 056606 (2002). 

@Article{Ma-etal-2002,
  title = {One- and two-dimensional solitons in second-harmonic-generating lattices},
  author = {Malomed, Boris A. and Kevrekidis, P. G. and Frantzeskakis, D. J. and Nistazakis, H. E. and Yannacopoulos, A. N.},
  journal = {Phys. Rev. E},
  volume = {65},
  number = {5},
  pages = {056606},
  numpages = {12},
  year = {2002},
  month = {Apr},
  doi = {10.1103/PhysRevE.65.056606},
  publisher = {American Physical Society}
}


18


\bibitem{ThEnSi2008} R Basu Thakur, L Q English and A J Sievers, {\em J. Phys. D} {
\bf 41} 015503 (2008)
  	
@article{ThEnSi2008,
  author={R Basu Thakur and L Q English and A J Sievers},
  title={Driven intrinsic localized modes in a coupled pendulum array},
  journal={Journal of Physics D: Applied Physics},
  volume={41},
  number={1},
  pages={015503},
  year={2008}
}
	

19


\bibitem{En-etal-2010} L. Q. English, F. Palmero, A. J. Sievers, P. G. Kevrekidis  and D. H. Barnak, 
{\em Phys. Rev. E}, {\bf 81}, 045505 (2010). 
@Article{En-etal-2010,
  title = { Traveling and stationary intrinsic localized modes and their spatial control in electrical lattices},
  author = {English, L. Q. and Palmero, F.  and Sievers, A. J. and Kevrekidis, P. G. and Barnak, D. H.},
  journal = {Phys. Rev. E},
  volume = {81},
  number = {4},
  pages = {046605},
  numpages = {8},
  year = {2010},
  month = {Apr},
  doi = {10.1103/PhysRevE.81.046605},
  publisher = {American Physical Society}
}




ROBOTICS ENTRIES blblaalblablalblalbllablalblabl


@inproceedings{BBPM10,
	Address = {Pittsburg, PN USA},
	Author = {Daniel A. Brake and Dan J. Bates and Vakhtang Putkaradze and Anthony A. Maciejewski},
	Booktitle = {IASTED Technology Conferences},
	Month = {November},
	Title = {Illustration Of Numerical Algebraic Methods For Workspace Estimation Of Cooperating Robots After Joint Failure},
	Year = {2010}}

@article{WaHaSo11,
	Author = {Charles W. Wampler and Jonathan D. Hauenstein and Andrew J. Sommese},
	Journal = {Mechanism and Machine Theory},
	Number = {9},
	Pages = {1193-1206},
	Title = {Mechanism mobility and a local dimension test},
	Volume = {46},
	Year = {2011}}

@article{BrBaNi11,
	Author = {Dan J. Bates and Daniel A. Brake and Matthew Niemerg},
	Journal = {in preparation},
	Title = {Paramatopy: parallel parameter homotopy via {Bertini}},
	Year = {2011}}

@article{ASKJ07,
	Author = {M.~Anand and T.~Selvaraj and S.~Kumanan and J.~Janarthanan},
	Journal = {International Journal of Manufacturing Research},
	Number = {3},
	Pages = {279--302},
	Title = {A hybrid fuzzy logic artificial neural network algorithm-based fault detection and isolation for industrial robot manipulators},
	Volume = {2},
	Year = {2007}}

@article{JS07,
	Author = {M.~Ji and N.~Sarkar},
	Journal = {IEEE Trans. Robotics},
	Number = {1},
	Pages = {174--178},
	Title = {Supervisory fault adaptive control of a mobile robot and its application in sensor-fault accommodation},
	Volume = {23},
	Year = {2007}}

@inproceedings{DF09,
	Author = {A.~De~Luca and L.~Ferrajoli},
	Booktitle = {IEEE Int. Conf. Robot. Automat.},
	Month = may,
	Pages = {3359--3364},
	Title = {A modified {Newton}-{Euler} method for dynamic computations in robot fault detection and control},
	Year = {2009}}

@article{BCFP08,
	Author = {D.~Brambilla and L.~Capisani and A.~Ferrara and P.~Pisu},
	Journal = {IEEE Trans. Industrial Electronics},
	Number = {11},
	Pages = {3954--3963},
	Title = {Fault detection for robot manipulators via second-order sliding modes},
	Volume = {55},
	Year = {2008}}

@article{CMY03,
	Author = {Y.~Chen and J.~E.~McInroy and Y.~Yi},
	Journal = {{IEEE} Trans. Robotics},
	Number = {4},
	Pages = {680--691},
	Title = {Optimal, fault-tolerant mappings to achieve secondary goals without compromising primary performance},
	Volume = {19},
	Year = {2003}}

@article{EM98,
	Author = {J.~D.~English and A.~A.~Maciejewski},
	Journal = {{IEEE} Trans. Robot. Automat.},
	Number = {4},
	Pages = {566--575},
	Title = {Fault tolerance for kinematically redundant manipulators: Anticipating free-swinging joint failures},
	Volume = {14},
	Year = {1998}}

@article{GMB99,
	Author = {K.~N.~Groom and A.~A.~Maciejewski and V.~Balakrishnan},
	Journal = {{IEEE} Trans. Robot. Automat.},
	Number = {6},
	Pages = {1109--1116},
	Title = {Real-time failure-tolerant control of kinematically redundant manipulators},
	Volume = {15},
	Year = {1999}}

@article{MON99,
	Author = {J.~E.~McInroy and J.~F.~O'Brien and G.~W.~Neat},
	Journal = {IEEE/ASME Trans. Mechatronics},
	Number = {1},
	Pages = {91--95},
	Title = {Precise, fault-tolerant pointing using a Stewart platform},
	Volume = {4},
	Year = {1999}}

@article{HN07,
	Author = {M.~Hassan and L.~Notash},
	Journal = {Mech. Mach. Theory},
	Pages = {1401--1407},
	Title = {Optimizing fault tolerance to joint jam in the design of parallel robot manipulators},
	Volume = {42},
	Year = {2007}}

@article{WHC93,
	Author = {E.~C.~Wu and J.~C.~Hwang and J.~T.~Chladek},
	Journal = {{IEEE} Trans. Robot. Automat.},
	Number = {5},
	Pages = {675--684},
	Title = {Fault-tolerant joint development for the space shuttle remote manipulator system: Analysis and experiment},
	Volume = {9},
	Year = {1993}}

@article{YMC06,
	Author = {Y.~Yi and J.~E.~McInroy and Y.~Chen},
	Journal = {IEEE Trans. Robotics},
	Number = {5},
	Pages = {1017--1021},
	Title = {Fault tolerance of parallel manipulators using task space and kinematic redundancy},
	Volume = {22},
	Year = {2006}}

@article{DFL02,
	Author = {B.~S.~Dhillon A.~R.~M.~Fashandi and K.~L.~Liu},
	Journal = {Journal of Quality in Maintenance Engineering},
	Number = {3},
	Pages = {170--212},
	Title = {Robot systems reliability and safety: A review},
	Volume = {8},
	Year = {2002}}

@article{PK96,
	Author = {C.~J.~J.~Paredis and P.~K.~Khosla},
	Journal = {Int. J. Robot. Res.},
	Month = dec,
	Number = {6},
	Pages = {611--628},
	Title = {Designing fault-tolerant manipulators: How many degrees of freedom?},
	Volume = {15},
	Year = {1996}}

@article{CW01,
	Author = {C.~Carreras and I.~D.~Walker},
	Journal = {{IEEE} Trans. Robot. Automat.},
	Number = {1},
	Pages = {3--11},
	Title = {Interval methods for fault-tree analysis in robotics},
	Volume = {50},
	Year = {2001}}

@inproceedings{Mac90,
	Address = {Cincinatti, OH, USA},
	Author = {A.~A.~Maciejewski},
	Booktitle = {Proc. {IEEE} Int. Conf. Robot. Automat.},
	Pages = {638--642},
	Title = {Fault tolerant properties of kinematically redundant manipulators},
	Year = {1990}}

@article{RM96,
	Author = {R.~G.~Roberts and A.~A.~Maciejewski},
	Journal = {IEEE Trans. Robotics Automat.},
	Number = {4},
	Pages = {543--552},
	Title = {A local measure of fault tolerance for kinematically redundant manipulators},
	Volume = {12},
	Year = {1996}}

@article{LM97,
	Author = {C.~L.~Lewis and A.~A.~Maciejewski},
	Journal = {IEEE Trans. Robot. Automat.},
	Month = aug,
	Number = {4},
	Pages = {622--629},
	Title = {Fault tolerant operation of kinematically redundant manipulators for locked joint failures},
	Volume = {13},
	Year = {1997}}

@book{SW05,
	Address = {Singapore},
	Author = {Andrew J Sommese and Charles W. Wampler},
	Publisher = {World Scientific},
	Title = {The numerical solution to systems of polynomials arising in engineering and science},
	Year = {2005}}

@article{SVW04,
	Author = {Andrew Sommese and Jan Verschelde and Charles W Wampler},
	Journal = {ASME J. Mechanical Design},
	Number = {2},
	Pages = {262-268},
	Title = {Advances in polynomial continuation for solving problems in kinematics},
	Volume = {126},
	Year = {2004}}

@incollection{WM93,
	Address = {Oxford},
	Author = {Charles W Wampler and A.~P.~Morgan},
	Booktitle = {Robotics: Applied Mathematics and Computational Aspects},
	Editor = {K Warwick},
	Pages = {57-69},
	Publisher = {Clarendon Press},
	Title = {Solving the kinematics of general {6R} manipulators using polynomial continuation},
	Year = {1993}}

@article{WMS92,
	Author = {Charles W Wampler and A.~P.~Morgan and Andrew J Sommese},
	Journal = {Journal of Mechanical Design},
	Month = mar,
	Pages = {153-159},
	Title = {Complete solution of the nine-point path synthesis problem for four-bar linkages},
	Volume = {114},
	Year = {1992}}

@article{AgPa2009,
	Address = {Piscataway, NJ, USA},
	Author = {Farhad Aghili and Kourosh Parsa},
	Doi = {http://dx.doi.org/10.1109/TRO.2009.2017130},
	Issn = {1552-3098},
	Journal = {Trans. Rob.},
	Number = {4},
	Pages = {785--797},
	Publisher = {IEEE Press},
	Title = {A reconfigurable robot with lockable cylindrical joints},
	Volume = {25},
	Year = {2009},
	Bdsk-Url-1 = {http://dx.doi.org/10.1109/TRO.2009.2017130}}

@article{EnMa2000,
	Author = {J. English and A. Maciejewski},
	Journal = {IEEE Transactions on Robotics and Automation},
	Number = {1},
	Pages = {20-28},
	Publisher = {IEEE},
	Title = {Measuring and reducing the {Euclidean}-space measures of robotic joint failures},
	Volume = {16},
	Year = {2000}}

@article{EnMa2001,
	Author = {J. English and A. Maciejewski},
	Doi = {10.1177/02783640122067408},
	Journal = {The International Journal of Robotics Research},
	Number = {4},
	Pages = {287-299},
	Title = {Failure Tolerance through Active Braking: A Kinematic Approach},
	Volume = {20},
	Year = {2001},
	Bdsk-Url-1 = {http://dx.doi.org/10.1177/02783640122067408}}

@book{AG90,
	Address = {Berlin},
	Author = {Eugene L. Allgower and Kurt Georg},
	Publisher = {Springer-Verlag},
	Title = {Numerical continuation methods, an introduction},
	Year = {1990}}

@misc{Bertini,
	Author = {Daniel J Bates and John D Hauenstein and Andrew J Sommese and Charles W Wampler},
	Date-Modified = {2011-09-19 15:53:28 -0600},
	Title = {Bertini},
	Url = {http://www.nd.edu/$\sim$sommese/Bertini},
	Year = {2010},
	Bdsk-Url-1 = {http://www.nd.edu/$%5Csim$sommese/Bertini}}

@book{84FuGo,
	Author = {Fu, K. S. 1930- and Gonzalez, Rafael C.and Lee, C. S. G.},
	Catalog-Url = {http://discovery.library.colostate.edu/Record/.b12615304},
	Isbn = {0070226253; 0070226261 (solutions manual)},
	Language = {English},
	Pages = {Array},
	Publisher = {McGraw-Hill},
	Subjects = {Robotics},
	Title = {Robotics control, sensing, vision, and intelligence},
	Type = {Book},
	Year = {1987}}

@inproceedings{consensus,
	Author = {Corke, P.I. and Armstrong-Helouvry, B.},
	Booktitle = {Robotics and Automation, 1994. Proceedings., 1994 IEEE International Conference on},
	Doi = {10.1109/ROBOT.1994.351360},
	Keywords = {PUMA 560 robot; consensus; dynamic parameters; electrical parameters; kinematic parameters; model parameters; model-based control; robotics research; dynamics; kinematics; parameter estimation; robots;},
	Month = {may},
	Pages = {1608 -1613 vol.2},
	Title = {A search for consensus among model parameters reported for the {PUMA} 560 robot},
	Year = {1994},
	Bdsk-Url-1 = {http://dx.doi.org/10.1109/ROBOT.1994.351360}}
