@article{Buchberger,
 author = {Buchberger, B.},
 title = {A theoretical basis for the reduction of polynomials to canonical forms},
 journal = {SIGSAM Bull.},
 volume = {10},
 issue = {3},
 month = {August},
 year = {1976},
 issn = {0163-5824},
 pages = {19--29},
 numpages = {11},
 url = {http://doi.acm.org/10.1145/1088216.1088219},
 doi = {http://doi.acm.org/10.1145/1088216.1088219},
 acmid = {1088219},
 publisher = {ACM},
 address = {New York, NY, USA},
} 



Ideals, Varieties, and Algorithms
An Introduction to Computational Algebraic Geometry and Commutative Algebra
Series: Undergraduate Texts in Mathematics
Cox, David A., Little, John, O'Shea, Donal
3rd ed. 2007. Corr. 2nd printing, 2007, XVI, 560 p. 93 illus.

@book{coxlittleoshea,
author = "Cox, David A. and Little, John and  O'Shea, Donal",
title = "Ideals, Varieties, and Algorithms: An Introduction to Computational Algebraic Geometry and Commutative Algebra",
edition = "3",
year = "2007",
publisher = "Springer",
}